<?xml version="1.0" encoding="UTF-8"?><collection xmlns="http://www.loc.gov/MARC21/slim"><record><leader>00353nam--2200109-i-4500</leader><controlfield tag="001">000026763</controlfield><controlfield tag="002">20161230</controlfield><controlfield tag="005">20161230201036</controlfield><controlfield tag="008">060222s1000------------r-----000-0-eng-d</controlfield><datafield ind1=" " ind2=" " tag="245"><subfield code="a">Instruments and measurements. chemical analysis, electric quantities, nucleonics and process control</subfield></datafield><datafield ind1=" " ind2=" " tag="260"><subfield code="a">New York, Academic Press Publishers, 1961. 1227p</subfield></datafield><datafield ind1=" " ind2=" " tag="852"><subfield code="a">16716</subfield></datafield></record></collection>